@BOOK{bentley:1999,
  title = {{P}rogramming {P}earls},
  publisher = {Addison--Wesley},
  year = {1999},
  author = {Jon Bentley},
  address = {Boston, MA, USA},
  edition = {2nd}
}